<record><leader>00000cas a22000007a 4500</leader><controlfield tag="001">19526727</controlfield><controlfield tag="008">890410d18431856pauwr ne      0    0eng d</controlfield><datafield ind1=" " ind2=" " tag="010"><subfield code="a">sn 89077795 </subfield></datafield><datafield ind1=" " ind2=" " tag="040"><subfield code="a">NPH</subfield><subfield code="b">eng</subfield><subfield code="c">NPH</subfield><subfield code="d">NYS</subfield><subfield code="d">OCL</subfield><subfield code="d">OCLCQ</subfield><subfield code="d">OCLCF</subfield><subfield code="d">OCLCO</subfield></datafield><datafield ind1=" " ind2=" " tag="042"><subfield code="a">msc</subfield></datafield><datafield ind1=" " ind2=" " tag="043"><subfield code="a">n-us-pa</subfield></datafield><datafield ind1="0" ind2="4" tag="245"><subfield code="a">The Clarion register.</subfield></datafield><datafield ind1="1" ind2="3" tag="246"><subfield code="a">Democratic register</subfield></datafield><datafield ind1="1" ind2="3" tag="246"><subfield code="a">Register</subfield></datafield><datafield ind1=" " ind2=" " tag="260"><subfield code="a">Clarion, Pa. :</subfield><subfield code="b">Gibson &amp; Young</subfield></datafield><datafield ind1=" " ind2=" " tag="300"><subfield code="a">v.</subfield></datafield><datafield ind1=" " ind2=" " tag="310"><subfield code="a">Weekly</subfield></datafield><datafield ind1="1" ind2=" " tag="362"><subfield code="a">Began in 1843; ceased in 1856.</subfield></datafield><datafield ind1=" " ind2=" " tag="500"><subfield code="a">Published by: Dan. Bower, &lt;1853&gt;.</subfield></datafield><datafield ind1=" " ind2=" " tag="588"><subfield code="a">Description based on: Vol. 9, no. 13 (July 24, 1852).</subfield></datafield><datafield ind1=" " ind2=" " tag="588"><subfield code="a">Latest issue consulted: Vol. 9, no. 52 (Apr. 22, 1853).</subfield></datafield><datafield ind1=" " ind2="0" tag="651"><subfield code="a">Clarion (Pa.)</subfield><subfield code="v">Newspapers.</subfield></datafield><datafield ind1=" " ind2="7" tag="655"><subfield code="a">Newspapers.</subfield><subfield code="2">fast</subfield><subfield code="0">(OCoLC)fst01423814</subfield></datafield><datafield ind1=" " ind2="7" tag="651"><subfield code="a">Pennsylvania</subfield><subfield code="z">Clarion.</subfield><subfield code="2">fast</subfield><subfield code="0">(OCoLC)fst01220527</subfield></datafield><datafield ind1=" " ind2=" " tag="752"><subfield code="a">United States</subfield><subfield code="b">Pennsylvania</subfield><subfield code="c">Clarion</subfield><subfield code="d">Clarion.</subfield></datafield></record>